
@article{wildeForschungsmethodenWirtschaftsinformatik2007,
	title = {Forschungsmethoden der {Wirtschaftsinformatik}},
	volume = {49},
	issn = {1861-8936},
	url = {https://doi.org/10.1007/s11576-007-0064-z},
	doi = {10.1007/s11576-007-0064-z},
	abstract = {Vor dem Hintergrund aktueller Positionierungsdebatten ist eine genaue Kenntnis des Methodenprofils der Wirtschaftsinformatik zunehmend von Bedeutung. Der Beitrag zeigt anhand einer Literaturanalyse, dasssich das aktive Methodenspektrum der Wirtschaftsinformatik mit argumentativ-, konzeptionell- und formal-deduktiven Analysen, Prototyping, Fallstudien und quantitativen Querschnittanalysen aus sechs Kernmethoden zusammensetzt, die in 91\% der Beiträge zum Einsatz kommendie WI in den letzten Jahren zunehmend auch quantitativ-empirische Methoden einsetzt, während gleichzeitig der Anteil argumentativ-deduktiver Arbeiten zurückgehtFallstudien, konzeptionelle und formal-deduktive Analysen von WI und IS etwa in gleichem Umfang eingesetzt werden, Prototyping und argumentativ-deduktive Arbeiten das methodologische Spezifikum der Wirtschaftsinformatik und quantitativ-empirische Querschnittstudien sowie Laborexperimente das methodologische Spezifikum des Information Systems Research sind.},
	language = {de},
	number = {4},
	urldate = {2025-05-28},
	journal = {Wirtsch. Inform.},
	author = {Wilde, Thomas and Hess, Thomas},
	month = aug,
	year = {2007},
	keywords = {Comparison, Empirical Investigation, Empirische Studie, Ethnographic Methods, Forschungsmethoden, Historiography and Method, Information Systems, Längsschnittanalyse, Longitudinal Analysis, Methodologie, Methodology, Mixed Methods, Research Methods, Research Methods in Language and Linguistics, Sociological Methods, Survey Methodology, Vergleich},
	pages = {280--287},
	file = {PDF:/Users/antonia/Zotero/storage/P2WVSI28/Wilde and Hess - 2007 - Forschungsmethoden der Wirtschaftsinformatik.pdf:application/pdf},
}

@book{ferreiradacostaProzessmodernisierungOeffentlichenVerwaltung2023,
	address = {Wiesbaden},
	title = {Prozessmodernisierung in der öffentlichen {Verwaltung}: {Prozesse} selbst analysieren, optimieren, digitalisieren. {Praxisnah} mit zahlreichen {Leitfäden}},
	copyright = {https://www.springernature.com/gp/researchers/text-and-data-mining},
	isbn = {978-3-658-41994-3 978-3-658-41995-0},
	shorttitle = {Prozessmodernisierung in der öffentlichen {Verwaltung}},
	url = {https://link.springer.com/10.1007/978-3-658-41995-0},
	language = {de},
	urldate = {2025-06-15},
	publisher = {Springer Fachmedien},
	author = {Ferreira Da Costa, Nina},
	year = {2023},
	doi = {10.1007/978-3-658-41995-0},
	keywords = {Agile Verwaltung, Digitale Souveränität, Digitale Verwaltung Verwaltungsdigitalisierung, Digitaler Wandel, digitalisierte Prozesse in der Verwaltung, Digitalisierung Öffentliche Verwaltung, Digitalisierung und Fachkräftemangel Public Sector, Digitalisierungsstrategie Städte Gemeinden, E-Akte in der öffentlichen Verwaltung, E-Government eGov, Einbindung Mitarbeiter in Digitalisierung, Innovationslabor für die Verwaltungsdigitalisierung, Modernisierung Öffentliche Verwaltung, OZG Online-Zugangsgesetz, Prozessoptimierung Kommunalverwaltungen, Software-Lösungen Public Sector, Verwaltungsmodernisierung},
	file = {PDF:/Users/antonia/Zotero/storage/3E9L2YLP/Ferreira Da Costa - 2023 - Prozessmodernisierung in der öffentlichen Verwaltung Prozesse selbst analysieren, optimieren, digit.pdf:application/pdf},
}

@misc{datenschutzerklärung_google,
	title = {Datenschutzerklärung {Google}.pdf},
	url = {https://www.gstatic.com/policies/privacy/pdf/20240916/pe84lsmf/google_privacy_policy_de_eu.pdf},
	urldate = {2025-06-13},
	file = {PDF:/Users/antonia/Zotero/storage/DYT69XWQ/Datenschutzerklärung Google.pdf.pdf:application/pdf},
}
