
@article{wilde_forschungsmethoden_2007,
	title = {Forschungsmethoden der {Wirtschaftsinformatik}},
	volume = {49},
	issn = {1861-8936},
	url = {https://doi.org/10.1007/s11576-007-0064-z},
	doi = {10.1007/s11576-007-0064-z},
	abstract = {Vor dem Hintergrund aktueller Positionierungsdebatten ist eine genaue Kenntnis des Methodenprofils der Wirtschaftsinformatik zunehmend von Bedeutung. Der Beitrag zeigt anhand einer Literaturanalyse, dasssich das aktive Methodenspektrum der Wirtschaftsinformatik mit argumentativ-, konzeptionell- und formal-deduktiven Analysen, Prototyping, Fallstudien und quantitativen Querschnittanalysen aus sechs Kernmethoden zusammensetzt, die in 91\% der Beiträge zum Einsatz kommendie WI in den letzten Jahren zunehmend auch quantitativ-empirische Methoden einsetzt, während gleichzeitig der Anteil argumentativ-deduktiver Arbeiten zurückgehtFallstudien, konzeptionelle und formal-deduktive Analysen von WI und IS etwa in gleichem Umfang eingesetzt werden, Prototyping und argumentativ-deduktive Arbeiten das methodologische Spezifikum der Wirtschaftsinformatik und quantitativ-empirische Querschnittstudien sowie Laborexperimente das methodologische Spezifikum des Information Systems Research sind.},
	language = {de},
	number = {4},
	urldate = {2025-05-28},
	journal = {Wirtsch. Inform.},
	author = {Wilde, Thomas and Hess, Thomas},
	month = aug,
	year = {2007},
	keywords = {Comparison, Empirical Investigation, Empirische Studie, Ethnographic Methods, Forschungsmethoden, Historiography and Method, Information Systems, Längsschnittanalyse, Longitudinal Analysis, Methodologie, Methodology, Mixed Methods, Research Methods, Research Methods in Language and Linguistics, Sociological Methods, Survey Methodology, Vergleich},
	pages = {280--287},
	file = {PDF:/Users/antonia/Zotero/storage/P2WVSI28/Wilde and Hess - 2007 - Forschungsmethoden der Wirtschaftsinformatik.pdf:application/pdf},
}

@article{noauthor_dsgvo_nodate,
	title = {{DSGVO} - {VERORDNUNG}  ({EU})  2016/  679  {DES}  {EUROPÄISCHEN}  {PARLAMENTS}  {UND}  {DES}  {RATES}  -  vom  27.  {April}  2016  -  zum  {Schutz}  natürlicher  {Personen}  bei  der  {Verarbeitung}  personenbezogener  {Daten},  zum  freien  {Datenverkehr}  und  zur  {Aufhebung}  der  {Richtlinie}  95/  46/  {EG}  ({Datenschutz}-{Grundverordnung})},
	language = {de},
	file = {PDF:/Users/antonia/Zotero/storage/SECXK3PE/VERORDNUNG  (EU)  2016  679  DES  EUROPÄISCHEN  PARLAMENTS  UND  DES  RATES  -  vom  27.  April  20.pdf:application/pdf},
}

@incollection{hullen_bsdg_2022,
	title = {{BSDG} - {Teil} 2 {Durchführungsbestimmungen} für {Verarbeitungen} zu {Zwecken} gemäß {Artikel} 2 der {Verordnung} ({EU}) 2016/679 (§§ 22–44)},
	isbn = {978-3-504-38742-6},
	url = {https://www.degruyter.com/document/doi/10.9785/9783504387426-015/html},
	language = {de},
	urldate = {2025-06-13},
	booktitle = {{DSGVO}/{BDSG}/{TTDSG}},
	publisher = {Verlag Dr. Otto Schmidt},
	editor = {Plath, Kai-Uwe},
	collaborator = {Hullen, Nils and Ingenrieth, Frank and Jenny, Valerian and Kamlah, Wulf and Krohm, Niclas and Kuhnke, Michael and Plath, Kai-Uwe and Piltz, Carlo and Raguse, Kira and Roggenkamp, Jan Dirk and Schreiber, Lutz and Stamer, Katrin and Struck, Matthias and Wittmann, Jörn and Becker, Thomas and Freiherr Von Dem Bussche, Axel and Grages, Jan-Michael},
	month = dec,
	year = {2022},
	doi = {10.9785/9783504387426-015},
	pages = {989--1240},
	file = {PDF:/Users/antonia/Zotero/storage/RHC8QPDN/Plath - 2022 - Teil 2 Durchführungsbestimmungen für Verarbeitungen zu Zwecken gemäß Artikel 2 der Verordnung (EU) 2.pdf:application/pdf},
}
